@inproceedings{Forstner,
	title={A fast operator for detection and precise location of distinct points, corners and centres of circular features},
	author={F{\"o}rstner, Wolfgang and G{\"u}lch, Eberhard}
}
@INPROCEEDINGS{ImageRectification,
	author={Loop, C. and Zhengyou Zhang},
	booktitle={Proceedings. 1999 IEEE Computer Society Conference on Computer Vision and Pattern Recognition (Cat. No PR00149)},
	title={Computing rectifying homographies for stereo vision},
	year={1999},
	volume={1},
	number={},
	pages={125-131 Vol. 1},
	doi={10.1109/CVPR.1999.786928}}
@Comment{jabref-meta: databaseType:biblatex;}
