% Encoding: UTF-8
ï»¿% This file was created with Citavi 6.7.0.0

@online{Al20,
 author = {Alsop, Thomas},
 year = {19.06.2020},
 title = {Leading uses of 3D printing from 2015 to 2020},
 url = {https://www.statista.com/statistics/560271/worldwide-survey-3d-printing-uses/},
 urldate = {2020-12-10},
 abstract = {}
}


@online{As,
 author = {Astroprint},
 title = {Discover AstroPrint's Best Features},
 url = {https://www.astroprint.com/3d-printer-software},
 urldate = {2020-12-10},
 abstract = {}
}


@online{As20,
 author = {Astroprint},
 title = {3D PRINTERS COMPATIBLE WITH ASTROPRINT},
 url = {https://www.astroprint.com/compatible-3d-printers},
 urldate = {2020-12-10},
 abstract = {}
}

@Online{Fr18,
  author  = {de Frutos, Raul},
  title   = {Why Cloud-Connected 3D Printers Sell More},
  url     = {https://blog.astroprint.com/cloud-connected-3d-printers-sell/},
  urldate = {2020-12-10},
  year    = {16.01.2018},
}

@Online{IBM2020,
  author  = {IBM},
  date    = {2020-10-29},
  title   = {Was ist die IBM Cloud-Plattform?},
  url     = {https://cloud.ibm.com/docs/overview?topic=overview-whatis-platform&locale=de},
  urldate = {2020-10-29},
}

@Online{IBM2020a,
  author  = {IBM},
  date    = {2020-12-12},
  title   = {Was ist IBM Cloudant?},
  url     = {https://www.ibm.com/de-de/cloud/cloudant},
  urldate = {2020-12-12},
}

@Online{Wikipedia2020,
  author  = {Wikipedia},
  date    = {2020-11-07},
  title   = {Node-RED},
  url     = {https://de.wikipedia.org/wiki/Node-RED},
  urldate = {2020-11-07},
}

@Comment{jabref-meta: databaseType:biblatex;}
